<?xml version="1.0" encoding="UTF-8"?>
<marc21:record xmlns:marc21="http://www.loc.gov/MARC21/slim" xmlns:xsi="http://www.w3.org/2001/XMLSchema-instance" xsi:schemaLocation="http://www.loc.gov/MARC21/slim http://www.loc.gov/standards/marcxml/schema/MARC21slim.xsd">
   <marc21:leader>00000ntmaa  000005ak4500</marc21:leader>
   <marc21:controlfield tag="008">000000|1956xx|||||||||||||||||d</marc21:controlfield>
   <marc21:datafield ind1=" " ind2=" " tag="035">
      <marc21:subfield code="a">(DSI-AAA)9963</marc21:subfield>
   </marc21:datafield>
   <marc21:datafield ind1=" " ind2=" " tag="040">
      <marc21:subfield code="a">DSI-AAA</marc21:subfield>
      <marc21:subfield code="e">aacr</marc21:subfield>
   </marc21:datafield>
   <marc21:datafield ind1=" " ind2=" " tag="098">
      <marc21:subfield code="a">Archives of American Art</marc21:subfield>
      <marc21:subfield code="b">AAA</marc21:subfield>
   </marc21:datafield>
   <marc21:datafield ind1="1" ind2="0" tag="245">
      <marc21:subfield code="a">Artists' protest letter  to James Johnson Sweeney, New York, N.Y.</marc21:subfield>
   </marc21:datafield>
   <marc21:datafield ind1=" " ind2=" " tag="260">
      <marc21:subfield code="c">1956</marc21:subfield>
   </marc21:datafield>
   <marc21:datafield ind1=" " ind2=" " tag="300">
      <marc21:subfield code="a">Letter : 1 p. :</marc21:subfield>
      <marc21:subfield code="b">typescript ;</marc21:subfield>
      <marc21:subfield code="c">28 x 22 cm.</marc21:subfield>
   </marc21:datafield>
   <marc21:datafield ind1=" " ind2=" " tag="520">
      <marc21:subfield code="a">Letter of protest against Frank Lloyd Wright's design for the Guggenheim Museum, New York. Signed by Calvin Albert, Milton Avery, Will Barnet, Paul Bodin, Henry Botkin, Byron Browne, Herman Cherry, George Constant, Willem de Kooning, Herbert Ferber, Adolph Gottlieb, Philip Guston, Franz Kline, Seymour Lipton, Sally Michel, George L.K. Morris, Robert Motherwell, Charles Schucker, John Sennhauser, Leon P. Smith, Jack Tworkov.</marc21:subfield>
   </marc21:datafield>
   <marc21:datafield ind1=" " ind2=" " tag="561">
      <marc21:subfield code="a" />
   </marc21:datafield>
   <marc21:datafield ind1=" " ind2=" " tag="590">
      <marc21:subfield code="a" />
   </marc21:datafield>
   <marc21:datafield ind1=" " ind2="0" tag="600">
      <marc21:subfield code="a">Albert, Calvin</marc21:subfield>
      <marc21:subfield code="x" />
      <marc21:subfield code="2" />
   </marc21:datafield>
   <marc21:datafield ind1=" " ind2="0" tag="600">
      <marc21:subfield code="a">Avery, Milton</marc21:subfield>
      <marc21:subfield code="x" />
      <marc21:subfield code="2" />
   </marc21:datafield>
   <marc21:datafield ind1=" " ind2="0" tag="600">
      <marc21:subfield code="a">Avery, Sally Michel</marc21:subfield>
      <marc21:subfield code="x" />
      <marc21:subfield code="2" />
   </marc21:datafield>
   <marc21:datafield ind1=" " ind2="0" tag="600">
      <marc21:subfield code="a">Barnet, Will</marc21:subfield>
      <marc21:subfield code="x" />
      <marc21:subfield code="2" />
   </marc21:datafield>
   <marc21:datafield ind1=" " ind2="0" tag="600">
      <marc21:subfield code="a">Bodin, Paul</marc21:subfield>
      <marc21:subfield code="x" />
      <marc21:subfield code="2" />
   </marc21:datafield>
   <marc21:datafield ind1=" " ind2="0" tag="600">
      <marc21:subfield code="a">Botkin, Henry</marc21:subfield>
      <marc21:subfield code="x" />
      <marc21:subfield code="2" />
   </marc21:datafield>
   <marc21:datafield ind1=" " ind2="0" tag="600">
      <marc21:subfield code="a">Browne, Byron</marc21:subfield>
      <marc21:subfield code="x" />
      <marc21:subfield code="2" />
   </marc21:datafield>
   <marc21:datafield ind1=" " ind2="0" tag="600">
      <marc21:subfield code="a">Cherry, Herman</marc21:subfield>
      <marc21:subfield code="x" />
      <marc21:subfield code="2" />
   </marc21:datafield>
   <marc21:datafield ind1=" " ind2="0" tag="600">
      <marc21:subfield code="a">Constant, George</marc21:subfield>
      <marc21:subfield code="x" />
      <marc21:subfield code="2" />
   </marc21:datafield>
   <marc21:datafield ind1=" " ind2="0" tag="600">
      <marc21:subfield code="a">De Kooning, Willem</marc21:subfield>
      <marc21:subfield code="x" />
      <marc21:subfield code="2" />
   </marc21:datafield>
   <marc21:datafield ind1=" " ind2="0" tag="600">
      <marc21:subfield code="a">Ferber, Herbert</marc21:subfield>
      <marc21:subfield code="x" />
      <marc21:subfield code="2" />
   </marc21:datafield>
   <marc21:datafield ind1=" " ind2="0" tag="600">
      <marc21:subfield code="a">Gottlieb, Adolph</marc21:subfield>
      <marc21:subfield code="x" />
      <marc21:subfield code="2" />
   </marc21:datafield>
   <marc21:datafield ind1=" " ind2="0" tag="600">
      <marc21:subfield code="a">Guston, Philip</marc21:subfield>
      <marc21:subfield code="x" />
      <marc21:subfield code="2" />
   </marc21:datafield>
   <marc21:datafield ind1=" " ind2="0" tag="600">
      <marc21:subfield code="a">Kline, Franz</marc21:subfield>
      <marc21:subfield code="x" />
      <marc21:subfield code="2" />
   </marc21:datafield>
   <marc21:datafield ind1=" " ind2="0" tag="600">
      <marc21:subfield code="a">Lipton, Seymour</marc21:subfield>
      <marc21:subfield code="x" />
      <marc21:subfield code="2" />
   </marc21:datafield>
   <marc21:datafield ind1=" " ind2="0" tag="600">
      <marc21:subfield code="a">Morris, George L. K. (George Lovett Kingsland)</marc21:subfield>
      <marc21:subfield code="x" />
      <marc21:subfield code="2" />
   </marc21:datafield>
   <marc21:datafield ind1=" " ind2="0" tag="600">
      <marc21:subfield code="a">Motherwell, Robert Burns</marc21:subfield>
      <marc21:subfield code="x" />
      <marc21:subfield code="2" />
   </marc21:datafield>
   <marc21:datafield ind1=" " ind2="0" tag="600">
      <marc21:subfield code="a">Schucker, Charles L.</marc21:subfield>
      <marc21:subfield code="x" />
      <marc21:subfield code="2" />
   </marc21:datafield>
   <marc21:datafield ind1=" " ind2="0" tag="600">
      <marc21:subfield code="a">Sennhauser, John</marc21:subfield>
      <marc21:subfield code="x" />
      <marc21:subfield code="2" />
   </marc21:datafield>
   <marc21:datafield ind1=" " ind2="0" tag="600">
      <marc21:subfield code="a">Smith, Leon Polk</marc21:subfield>
      <marc21:subfield code="x" />
      <marc21:subfield code="2" />
   </marc21:datafield>
   <marc21:datafield ind1=" " ind2="0" tag="600">
      <marc21:subfield code="a">Tworkov, Jack</marc21:subfield>
      <marc21:subfield code="x" />
      <marc21:subfield code="2" />
   </marc21:datafield>
   <marc21:datafield ind1=" " ind2="0" tag="600">
      <marc21:subfield code="a">Wright, Frank Lloyd</marc21:subfield>
      <marc21:subfield code="x" />
      <marc21:subfield code="2" />
   </marc21:datafield>
   <marc21:datafield ind1=" " ind2="7" tag="650">
      <marc21:subfield code="a">Protesting</marc21:subfield>
      <marc21:subfield code="x" />
      <marc21:subfield code="2">AAT</marc21:subfield>
   </marc21:datafield>
   <marc21:datafield ind1=" " ind2="7" tag="651">
      <marc21:subfield code="a">New York, N.Y.</marc21:subfield>
      <marc21:subfield code="x" />
      <marc21:subfield code="2">AAA</marc21:subfield>
   </marc21:datafield>
   <marc21:datafield ind1=" " ind2="7" tag="655">
      <marc21:subfield code="a">Correspondence</marc21:subfield>
      <marc21:subfield code="x" />
      <marc21:subfield code="2">AAA</marc21:subfield>
   </marc21:datafield>
   <marc21:datafield ind1="1" ind2=" " tag="700">
      <marc21:subfield code="a">Sweeney, James Johnson</marc21:subfield>
      <marc21:subfield code="c" />
      <marc21:subfield code="d" />
      <marc21:subfield code="e" />
   </marc21:datafield>
   <marc21:datafield ind1=" " ind2=" " tag="773">
      <marc21:subfield code="t">Letters and clippings regarding the Solomon R. Guggenheim Museum</marc21:subfield>
      <marc21:subfield code="d">1956-1958</marc21:subfield>
   </marc21:datafield>
   <marc21:datafield ind1=" " ind2=" " tag="852">
      <marc21:subfield code="a">Archives of American Art, Smithsonian Institution</marc21:subfield>
      <marc21:subfield code="e">Washington, D.C. 20560</marc21:subfield>
   </marc21:datafield>
   <marc21:datafield ind1="4" ind2=" " tag="856">
      <marc21:subfield code="3">Record Link</marc21:subfield>
      <marc21:subfield code="u">http://www.aaa.si.edu/collections/items/detail/artists-protest-letter--to-james-johnson-sweeney-new-york-ny-9963</marc21:subfield>
   </marc21:datafield>
   <marc21:datafield ind1="4" ind2=" " tag="856">
      <marc21:subfield code="3">Thumbnail</marc21:subfield>
      <marc21:subfield code="u">http://www.aaa.si.edu/assets/images/bodipaug/thumbnail/AAA_bodipaug_26205.jpg</marc21:subfield>
      <marc21:subfield code="x" />
   </marc21:datafield>
   <marc21:datafield ind1="4" ind2=" " tag="856">
      <marc21:subfield code="3">Fullsize</marc21:subfield>
      <marc21:subfield code="u">http://www.aaa.si.edu/assets/images/bodipaug/fullsize/AAA_bodipaug_26205.jpg</marc21:subfield>
      <marc21:subfield code="x" />
   </marc21:datafield>
</marc21:record>

